@misc{api_minetur,
  author = {{Ministerio para la Transici칩n Ecol칩gica y el Reto Demogr치fico}},
  title = {API de Precios de Carburantes},
  year = {2025},
  url = {https://sedeaplicaciones.minetur.gob.es/ServiciosRESTCarburantes/},
  note = {Accedido: 11-10-2025}
}

@misc{jq_manual,
  author = {Stephen Dolan},
  title = {jq Manual},
  year = {2023},
  url = {https://stedolan.github.io/jq/manual/},
  note = {Versi칩n 1.6}
}

@book{bash_guide,
  author = {Mendel Cooper},
  title = {Advanced Bash-Scripting Guide},
  publisher = {The Linux Documentation Project},
  year = {2014},
  url = {https://tldp.org/LDP/abs/html/}
}

@misc{curl_docs,
  author = {Daniel Stenberg},
  title = {curl Documentation},
  year = {2024},
  url = {https://curl.se/docs/},
  note = {curl 8.x}
}

@article{rest_api,
  author = {Fielding, Roy Thomas},
  title = {Architectural Styles and the Design of Network-based Software Architectures},
  journal = {Doctoral dissertation, University of California, Irvine},
  year = {2000}
}

@misc{json_spec,
  author = {Douglas Crockford},
  title = {The JSON Data Interchange Syntax},
  year = {2017},
  url = {https://www.json.org/json-en.html}
}

@book{unix_programming,
  author = {Eric S. Raymond},
  title = {The Art of Unix Programming},
  publisher = {Addison-Wesley},
  year = {2003},
  isbn = {0-13-142901-9}
}

@misc{shellcheck,
  author = {Vidar Holen},
  title = {ShellCheck - A shell script static analysis tool},
  year = {2024},
  url = {https://www.shellcheck.net/}
}

@article{data_pipeline,
  author = {Martin Kleppmann},
  title = {Designing Data-Intensive Applications},
  journal = {O'Reilly Media},
  year = {2017},
  isbn = {978-1-4493-7332-0}
}

@misc{cron_tutorial,
  author = {{Linux Foundation}},
  title = {Cron and Crontab Usage Tutorial},
  year = {2023},
  url = {https://www.linux.org/docs/man8/cron.html}
}
